<?xml version="1.0"?>
<collection xmlns="http://www.loc.gov/MARC21/slim">
  <record>
    <leader>01415cam a22003130a 4500</leader>
    <controlfield tag="001">cihm_71704</controlfield>
    <controlfield tag="003">CaSfIA</controlfield>
    <controlfield tag="005">20160212193342.0</controlfield>
    <controlfield tag="007">cr||||||||||||</controlfield>
    <controlfield tag="008">960130r19941918quc    |b|||| 000   fre r</controlfield>
    <datafield tag="040">
      <subfield code="d">CaSfIA</subfield>
    </datafield>
    <datafield tag="333" ind1=" " ind2=" ">
      <subfield code="a"> 966000226</subfield>
    </datafield>
    <datafield tag="020" ind1=" " ind2=" ">
      <subfield code="a">0665717040</subfield>
    </datafield>
    <datafield tag="082" ind1="0" ind2=" ">
      <subfield code="a">306.089114</subfield>
      <subfield code="2">20</subfield>
    </datafield>
    <datafield tag="090" ind1=" " ind2="9">
      <subfield code="a">CIHM no 71704</subfield>
      <subfield code="b">MICR</subfield>
      <subfield code="f">mfe</subfield>
    </datafield>
    <datafield tag="100" ind1="1" ind2=" ">
      <subfield code="a">Bourassa, Henri,</subfield>
      <subfield code="d">1868-1952.</subfield>
    </datafield>
    <datafield tag="245" ind1="1" ind2="3">
      <subfield code="a">La langue, gardienne de la foi</subfield>
      <subfield code="h">[electronic resource] </subfield>
      <subfield code="c">Henri Bourassa.</subfield>
    </datafield>
    <datafield tag="260" ind1=" " ind2=" ">
      <subfield code="a">[Montre&#x301;al?] :</subfield>
      <subfield code="b">Bibliothe&#x300;que de l'action franc&#x327;aise,</subfield>
      <subfield code="c">[1918?]</subfield>
    </datafield>
    <datafield tag="300" ind1=" " ind2=" ">
      <subfield code="a">2 microfiches (53 images)</subfield>
    </datafield>
    <datafield tag="490" ind1="0" ind2=" ">
      <subfield code="a">CIHM/ICMH Microfiche series = CIHM/ICMH collection de microfiches ;</subfield>
      <subfield code="v">no 71704</subfield>
    </datafield>
    <datafield tag="500" ind1=" " ind2=" ">
      <subfield code="a">Titre de la couv.</subfield>
    </datafield>
    <datafield tag="500" ind1=" " ind2=" ">
      <subfield code="a">Comprend une liste de l'e&#x301;diteur.</subfield>
    </datafield>
    <datafield tag="500" ind1=" " ind2=" ">
      <subfield code="a">Titre de de&#x301;part: La langue, gardienne de la foi : traditions nationales et religieuses de Canadiens franc&#x327;ais.</subfield>
    </datafield>
    <datafield tag="504" ind1=" " ind2=" ">
      <subfield code="a">Comprend des re&#x301;fe&#x301;rences bibliographiques.</subfield>
    </datafield>
    <datafield tag="510" ind1="4" ind2=" ">
      <subfield code="a">Re&#x301;fe&#x301;rence: Tod &amp; Cordingley,</subfield>
      <subfield code="c">p. 37.</subfield>
    </datafield>
    <datafield tag="533" ind1=" " ind2=" ">
      <subfield code="a">Microfiche de l'exemplaire de l'e&#x301;dition originale se trouvant a&#x300; la Bibliothe&#x300;que nationale du Canada.</subfield>
      <subfield code="b">Ottawa :</subfield>
      <subfield code="c">Institut canadien de microreproductions historiques,</subfield>
      <subfield code="d">1994.</subfield>
    </datafield>
    <datafield tag="534" ind1=" " ind2=" ">
      <subfield code="e">84, [1] p. ; 19 cm.</subfield>
    </datafield>
    <datafield tag="610" ind1=" " ind2="0">
      <subfield code="a">Catholic Church</subfield>
      <subfield code="z">Que&#x301;bec (Province)</subfield>
    </datafield>
    <datafield tag="650" ind1=" " ind2="0">
      <subfield code="a">French language</subfield>
      <subfield code="z">Canada.</subfield>
    </datafield>
    <datafield tag="856" ind1="4" ind2="1">
      <subfield code="u">http://archive.org/details/cihm_71704</subfield>
      <subfield code="z">Free eBook from the Internet Archive</subfield>
    </datafield>
  </record>
</collection>
